<record><leader>00000cas a22000007a 4500</leader><controlfield tag="001">13922417</controlfield><controlfield tag="008">860724u1925uuuupauer ne      0    0eng d</controlfield><datafield ind1=" " ind2=" " tag="010"><subfield code="a">sn 86081711 </subfield></datafield><datafield ind1=" " ind2=" " tag="040"><subfield code="a">NPH</subfield><subfield code="b">eng</subfield><subfield code="c">NPH</subfield><subfield code="d">OCLCQ</subfield></datafield><datafield ind1=" " ind2=" " tag="042"><subfield code="a">msc</subfield></datafield><datafield ind1="0" ind2=" " tag="130"><subfield code="a">Newton news (Newton Hamilton, Pa.)</subfield></datafield><datafield ind1="1" ind2="0" tag="245"><subfield code="a">Newton news.</subfield></datafield><datafield ind1=" " ind2=" " tag="260"><subfield code="a">Newton Hamilton, Pa. :</subfield><subfield code="b">Juniata Boy Scouts of Newton Hamilton, Pa.</subfield></datafield><datafield ind1=" " ind2=" " tag="300"><subfield code="a">v. ;</subfield><subfield code="c">27-36 cm.</subfield></datafield><datafield ind1=" " ind2=" " tag="310"><subfield code="a">Biweekly</subfield></datafield><datafield ind1="1" ind2=" " tag="362"><subfield code="a">Began with Jan. 1, 1925 issue?</subfield></datafield><datafield ind1=" " ind2=" " tag="500"><subfield code="a">"Established Jan. 1, 1925."</subfield></datafield><datafield ind1=" " ind2=" " tag="500"><subfield code="a">Editor: Wayne Bard.</subfield></datafield><datafield ind1=" " ind2=" " tag="588"><subfield code="a">Description based on: Vol. 1, no. 2 (Feb. 5, 1925).</subfield></datafield><datafield ind1="2" ind2=" " tag="710"><subfield code="a">Juniata Boy Scouts of Newton Hamilton, Pa.</subfield></datafield><datafield ind1=" " ind2=" " tag="752"><subfield code="a">United States</subfield><subfield code="b">Pennsylvania</subfield><subfield code="c">Mifflin</subfield><subfield code="d">Newton Hamilton.</subfield></datafield><datafield ind1="1" ind2=" " tag="029"><subfield code="a">AU@</subfield><subfield code="b">000025817138</subfield></datafield></record>